% This file was created with JabRef 2.7.2.
% Encoding: Cp1252

@BOOK{Anderson2003,
  title = {An Introduction to Multivariate Statistical Analysis},
  publisher = {Wiley},
  year = {2003},
  author = {T. W. Anderson},
  owner = {kolixx},
  timestamp = {2012.03.04}
}

@ARTICLE{Asmussen1997,
  author = {S. Asmussen and C.A. O'Cinneide},
  title = {Matrix-exponential distributions - distributions with a rational
	Laplace transform},
  journal = {Encyclopedia of Statistical Sciences},
  year = {1997},
  pages = {435-440},
  owner = {kolixx},
  publisher = {Encyclopedia of Statistical Sciences},
  timestamp = {2013.04.24}
}

@ARTICLE{Balogh08StableApprox,
  author = {Balogh, L. and Pintelon, R.},
  title = {Stable Approximation of Unstable Transfer Function Models},
  journal = {Instrumentation and Measurement, IEEE Transactions on},
  year = {2008},
  volume = {57},
  pages = {2720 -2726},
  number = {12},
  month = dec.,
  doi = {10.1109/TIM.2008.926050},
  issn = {0018-9456},
  keywords = {IIR filter design;discrete-time model;infinite impulse response filter;nonlinear
	distortions;numerical algorithm;parametric continuous time domain
	model;stable approximation;unstable transfer function models;IIR
	filters;approximation theory;continuous time filters;discrete time
	filters;filtering theory;parameter estimation;transfer function matrices;}
}

@INPROCEEDINGS{Belforte1978,
  author = {G. Belforte and M. Milanese},
  title = {Parameter estimation with unknown but bounded error of measure},
  booktitle = {Proc. International Conference on Cybernetics and Society (IEEE SMC)},
  year = {1978},
  volume = {II},
  pages = {1329-1332},
  owner = {kolixx},
  timestamp = {2012.05.03}
}

@INBOOK{boyd1994LMIinControl,
  title = {Linear Matrix Inequalities in System and Control Theory},
  year = {1994},
  author = {Stephen Boyd and Laurent El Ghaoui and Eric Feron and Venkataramanan
	Balakrishnan},
  volume = {15},
  series = {SIAM Studies in Applied mathematics}
}

@ARTICLE{I.Braems2003,
  author = {I. Braems and L. Jaulin and M. Kieffer and N. Ramdani and E.Walter},
  title = {Reliable parameter estimation in presence of uncertain variables
	that are not estimated},
  journal = {13th IFAC Symposium On System Identification},
  year = {2003},
  pages = {1856-1861},
  owner = {kolixx},
  timestamp = {2012.03.04}
}

@ARTICLE{Campi2010NonAssLinearTF,
  author = {Campi, M.C. and Weyer, E.},
  title = {Non-Asymptotic Confidence Sets for the Parameters of Linear Transfer
	Functions},
  journal = {Automatic Control, IEEE Transactions on},
  year = {2010},
  volume = {55},
  pages = {2708-2720},
  number = {12},
  doi = {10.1109/TAC.2010.2049416},
  issn = {0018-9286},
  keywords = {probability;set theory;transfer functions;finite data set;input-output
	transfer functions;linear transfer function parameters;nonasymptotic
	confidence sets;user chosen probability;Adaptive control;Algorithm
	design and analysis;Australia Council;Electrical capacitance tomography;Linear
	systems;Noise reduction;Permission;System identification;Transfer
	functions;Uncertainty;Confidence regions;finite sample results;linear
	systems;system identification;transfer function estimation}
}

@ARTICLE{Campi2005NonAssID,
  author = {M.C. Campi and E. Weyer},
  title = {Guaranteed non-asymptotic confidence regions in system identification},
  journal = {Automatica},
  year = {2005},
  volume = {41},
  pages = {1751 - 1764},
  number = {10},
  doi = {10.1016/j.automatica.2005.05.005},
  issn = {0005-1098},
  keywords = {Confidence sets},
  url = {http://www.sciencedirect.com/science/article/pii/S0005109805001822}
}

@INPROCEEDINGS{Campi2012Plenary,
  author = {Campi, M. C. and Csáji, B. Cs. and Garatti, S. and Weyer, E.},
  title = {Certified System Identification: Towards Distribution-Free Results},
  booktitle = {Proceedings of the 16th IFAC Symposium on System Identification (SYSID
	2012)},
  year = {2012},
  pages = {245-255},
  owner = {kolixx},
  timestamp = {2013.03.10}
}

@ARTICLE{Chesi2010,
  author = {Graziano Chesi},
  title = {LMI Techniques for Optimization Over Polynomials in Control: A Survey},
  journal = {Automatic Control, IEEE Transactions on},
  year = {2010},
  volume = {55},
  pages = {2500 -2510},
  number = {11},
  month = {nov.},
  owner = {kolixx},
  timestamp = {2012.02.12}
}

@INPROCEEDINGS{Csaji2012CDC,
  author = {Csáji, B.Cs. and Campi, M.C. and Weyer, E.},
  title = {Sign-perturbed sums (SPS): A method for constructing exact finite-sample
	confidence regions for general linear systems},
  booktitle = {Decision and Control (CDC), 2012 IEEE 51st Annual Conference on},
  year = {2012},
  pages = {7321-7326},
  doi = {10.1109/CDC.2012.6425882},
  issn = {0743-1546},
  keywords = {autoregressive moving average processes;estimation theory;linear systems;parameter
	estimation;probability;ARMA process;asymptotic theory;exact finite-sample
	confidence regions;linear systems;nonasymptotic confidence regions;prediction
	error estimate;sign-perturbed sums;statistical assumptions;user-chosen
	exact probability;Ellipsoids;Linear systems;Noise;Random variables;Silicon;Weight
	measurement;Yttrium}
}

@INPROCEEDINGS{Csaji2012Sysid,
  author = {Csáji, B.Cs. and Campi, M.C. and Weyer, E.},
  title = {Non-Asymptotic Confidence Regions for the Least-Squares Estimate},
  booktitle = {Proceedings of the 16th IFAC Symposium on System Identification (SYSID
	2012)},
  year = {2012},
  pages = {227-232},
  owner = {kolixx},
  timestamp = {2013.03.10}
}

@ARTICLE{Dalai2007LSCRNonLin,
  author = {Marco Dalai and Erik Weyer and Marco C. Campi},
  title = {Parameter identification for nonlinear systems: Guaranteed confidence
	regions through LSCR},
  journal = {Automatica},
  year = {2007},
  volume = {43},
  pages = {1418 - 1425},
  number = {8},
  doi = {10.1016/j.automatica.2007.01.016},
  issn = {0005-1098},
  keywords = {Confidence sets},
  url = {http://www.sciencedirect.com/science/article/pii/S0005109807001318}
}

@ARTICLE{Derinkuyu2006SProc,
  author = {Derinkuyu, Kürsad and Pinar, Mustafa},
  title = {On the S-procedure and Some Variants},
  journal = {Mathematical Methods of Operations Research },
  year = {2006},
  volume = {64},
  pages = {55-77},
  affiliation = {Lehigh University Bethlehem USA},
  issn = {1432-2994},
  issue = {1},
  keyword = {Business and Economics},
  publisher = {Physica Verlag, An Imprint of Springer-Verlag GmbH}
}

@ARTICLE{derinkuyu2006SProc,
  author = {Kürºad Derinkuyu and Mustafa C. Pinar},
  title = {On the S-procedure and Some Variants},
  journal = {Mathematical Methods of Operations Research},
  year = {2006},
  volume = {64},
  pages = {55--77},
  number = {1},
  issn = {1432-2994 (Print) 1432-5217 (Online)},
  language = {English}
}

@INPROCEEDINGS{Dudas2011_effectcachelines,
  author = {\'Akos Dud\'as and S\'andor Kolumb\'an and Tam\as Schr\'adi},
  title = {Effect of cache lines in array-based hashing algorithms},
  booktitle = {Proceedings of the 2011 International Conference on Foundations of
	Computer Science FCS2011},
  year = {2011},
  pages = {10-15},
  month = {July},
  location = {Las Vegas, NV, USA}
}

@ARTICLE{Feng2010,
  author = {Chao Feng and Constantino M. Lagoa and Mario Sznaier},
  title = {Hybrid system identification via sparse polynomial optimization},
  journal = {American Control Conference},
  year = {2010},
  pages = {160 - 165},
  month = {July},
  owner = {sandor.kolumban},
  timestamp = {2011.11.08}
}

@ARTICLE{Godfrey2011DoublePeak,
  author = {Godfrey, Keith R. and Arundel, Philip A. and Dong, Zimeng and Bryant,
	Robert},
  title = {Modelling the Double Peak Phenomenon in pharmacokinetics},
  journal = {Comput. Methods Prog. Biomed.},
  year = {2011},
  volume = {104},
  pages = {62--69},
  number = {2},
  month = nov,
  acmid = {2046965},
  address = {New York, NY, USA},
  issn = {0169-2607},
  issue_date = {November, 2011},
  keywords = {Compartmental models, Oral administration, Parameter estimation, Pharmacokinetics},
  numpages = {8},
  publisher = {Elsevier North-Holland, Inc.}
}

@BOOK{Hansen1992,
  title = {Global Optimization Using Interval Analysis},
  publisher = {Dekker},
  year = {1992},
  author = {Eldon Hansen},
  owner = {kolixx},
  timestamp = {2012.03.04}
}

@ARTICLE{Henrion2009GloptyPoly3,
  author = {Henrion, Didier and Lasserre, Jean Bernard and Lofberg, Johan},
  title = {GloptiPoly 3: moments, optimization and semidefinite programming},
  journal = {Optimization Methods Software},
  year = {2009},
  volume = {24},
  pages = {761--779},
  month = {August},
  acmid = {1597913},
  address = {Bristol, PA, USA},
  doi = {10.1080/10556780802699201},
  issn = {1055-6788},
  issue = {4-5},
  keywords = {global optimization, moments, polynomials, semidefinite programming},
  numpages = {19},
  publisher = {Taylor \& Francis, Inc.},
  url = {http://portal.acm.org/citation.cfm?id=1597898.1597913}
}

@INCOLLECTION{Horvath2009MatrixExp,
  author = {Horv\'ath, Andr\'as and R\'acz, S\'andor and Telek, Mikl\'os},
  title = {Moments Characterization of Order 3 Matrix Exponential Distributions},
  booktitle = {Analytical and Stochastic Modeling Techniques and Applications},
  publisher = {Springer Berlin Heidelberg},
  year = {2009},
  editor = {Al-Begain, Khalid and Fiems, Dieter and Horváth, Gábor},
  volume = {5513},
  series = {Lecture Notes in Computer Science},
  pages = {174-188},
  doi = {10.1007/978-3-642-02205-0_13},
  isbn = {978-3-642-02204-3},
  keywords = {Matrix exponential distributions; Phase type distributions; moment
	bounds},
  url = {http://dx.doi.org/10.1007/978-3-642-02205-0_13}
}

@ARTICLE{Jacobi01RepresentationTheorem,
  author = {Jacobi, Thomas},
  title = {A representation theorem for certain partially ordered commutative
	rings},
  journal = {Mathematische Zeitschrift},
  year = {2001},
  volume = {237},
  pages = {259-273},
  note = {10.1007/PL00004868},
  affiliation = {Gorch-Fock-Str. 35, 70619 Stuttgart, Germany (e-mail: jacobi@fmi.uni-konstanz.de)
	DE},
  issn = {0025-5874},
  issue = {2},
  keyword = {Mathematics and Statistics},
  publisher = {Springer Berlin / Heidelberg},
  url = {http://dx.doi.org/10.1007/PL00004868}
}

@ARTICLE{Jacobi2001Representation,
  author = {Jacobi, Thomas},
  title = {A representation theorem for certain partially ordered commutative
	rings},
  journal = {Mathematische Zeitschrift},
  year = {2001},
  volume = {237},
  pages = {259-273},
  affiliation = {Gorch-Fock-Str. 35, 70619 Stuttgart, Germany (e-mail: jacobi@fmi.uni-konstanz.de)
	DE},
  issn = {0025-5874},
  issue = {2},
  keyword = {Mathematics and Statistics},
  publisher = {Springer Berlin / Heidelberg}
}

@ARTICLE{Jaulin1993SetInversion,
  author = {Luc Jaulin and Eric Walter},
  title = {Set inversion via interval analysis for nonlinear bounded-error estimation},
  journal = {Automatica},
  year = {1993},
  volume = {29},
  pages = {1053 - 1064},
  number = {4},
  issn = {0005-1098}
}

@INCOLLECTION{Kampen2011IntervalAnal,
  author = {Kampen, E. and Chu, Q. P. and Mulder, J. A.},
  title = {Interval Analysis as a System Identification Tool},
  booktitle = {Advances in Aerospace Guidance, Navigation and Control},
  publisher = {Springer Berlin Heidelberg},
  year = {2011},
  editor = {Holzapfel, Florian and Theil, Stephan},
  pages = {333-343},
  affiliation = {Faculty of Aerospace Engineering, Delft University of Technology,
	2629 HS Delft, The Netherlands},
  isbn = {978-3-642-19817-5},
  keyword = {Engineering}
}

@INPROCEEDINGS{Kolossvary2011ME3,
  author = {I. Kolossv\'ary and M. Telek},
  title = {Explicit evaluation of me(3) membership},
  booktitle = {8th International Conference on Quantitative Evaluation of SysTems
	(QEST)},
  year = {2011},
  pages = {11-13},
  owner = {kolixx},
  timestamp = {2013.04.24}
}

@INPROCEEDINGS{kolumban2013aacs,
  author = {S\'andor Kolumb\'an},
  title = {SPS Toolbox for Matlab},
  booktitle = {Proceedings of the Automation and Applied Computer Science Workshop
	2013 (AACS'13)},
  year = {2013},
  month = jun,
  isbn = {978-963-313-078-0}
}

@INPROCEEDINGS{kolumban2010aacs,
  author = {S\'andor Kolumb\'an},
  title = {Application of Semidefinite Programming in System Identification},
  booktitle = {Proceedings of the Automation and Applied Computer Science Workshop
	2010 (AACS'10)},
  year = {2010},
  pages = {124--141},
  month = jun,
  isbn = {978-963-313-004-9}
}

@INPROCEEDINGS{Kolumban2013CDC,
  author = {Sándor Kolumbán and István Vajk},
  title = {Exploring Confidence Sets Constructed Using Sign-Perturbed Sums},
  booktitle = {Decision and Control (CDC), 2013 IEEE 52st Annual Conference on},
  year = {2013},
  owner = {kolixx},
  timestamp = {2013.04.30}
}

@ARTICLE{LacyBernstein03SubspaceStable,
  author = {Lacy, S.L. and Bernstein, D.S.},
  title = {Subspace identification with guaranteed stability using constrained
	optimization},
  journal = {Automatic Control, IEEE Transactions on},
  year = {2003},
  volume = {48},
  pages = { 1259 - 1263},
  number = {7},
  month = july,
  doi = {10.1109/TAC.2003.814273},
  issn = {0018-9286},
  keywords = { SeDuMi; asymptotic stability; constrained optimization; convex linear
	programming problem; convex optimization codes; extended observability
	matrix estimation; finite sample constraints; guaranteed stability;
	least squares optimization problem; least-squares optimization problem;
	measurement noise; mixed equality constraints; modeling errors; plant
	disturbances; positive-semidefinite constraints; quadratic constraints;
	state sequence estimation; subspace identification; constraint theory;
	convex programming; least squares approximations; linear programming;
	matrix algebra; noise; observability; optimisation; stability criteria;
	state estimation;}
}

@INCOLLECTION{Lasserre2006SDPSparsity,
  author = {Jean~Bernard Lasserre},
  title = {Convergent SDP-Relaxations for Polynomial Optimization with Sparsity},
  booktitle = {Mathematical Software - ICMS 2006},
  publisher = {Springer Berlin / Heidelberg},
  year = {2006},
  editor = {Iglesias, Andr\'es and Takayama, Nobuki},
  volume = {4151},
  series = {Lecture Notes in Computer Science},
  pages = {263-272},
  affiliation = {LAAS-CNRS and Institute of Mathematics, LAAS, 7 avenue du Colonel
	Roche, 31077 C\'edex 4 Toulouse, France}
}

@ARTICLE{Lasserre2009Convexity,
  author = {Jean Bernard Lasserre},
  title = {Convexity in SemiAlgebraic Geometry and Polynomial Optimization},
  journal = {SIAM J. on Optimization},
  year = {2009},
  volume = {19},
  pages = {1995--2014},
  month = {March},
  acmid = {1654265},
  address = {Philadelphia, PA, USA},
  doi = {10.1137/080728214},
  issn = {1052-6234},
  issue = {4},
  keywords = {Jensen inequality, basic semialgebraic sets, convex polynomials, convex
	sets, semidefinite programming, sums of squares},
  numpages = {20},
  publisher = {Society for Industrial and Applied Mathematics}
}

@ARTICLE{Lasserre07SDPApproachGPM,
  author = {Lasserre, Jean Bernard},
  title = {A semidefinite programming approach to the generalized problem of
	moments},
  journal = {Math. Program.},
  year = {2007},
  volume = {112},
  pages = {65--92},
  month = {July},
  acmid = {1284292},
  address = {Secaucus, NJ, USA},
  doi = {10.1007/s10107-006-0085-1},
  issn = {0025-5610},
  issue = {1},
  keywords = {78M05, 90C22, 90C25},
  numpages = {28},
  publisher = {Springer-Verlag New York, Inc.},
  url = {http://portal.acm.org/citation.cfm?id=1284290.1284292}
}

@ARTICLE{Lasserre01globaloptimization,
  author = {Lasserre, Jean Bernard},
  title = {Global Optimization with Polynomials and the Problem of Moments},
  journal = {SIAM Journal on Optimization},
  year = {2001},
  volume = {11},
  pages = {796--817},
  number = {3},
  language = {English}
}

@BOOK{LatRam99MatrixAnalytic,
  title = {Introduction to Matrix Analytic Methods in Stochastic Modeling},
  publisher = {Society for Industrial and Applied Mathematics},
  year = {1999},
  author = {G. Latouche and V. Ramaswami},
  address = {Philadephia, PA},
  doi = {DOI:10.1137/1.9780898719734},
  isbn = {9780898719734},
  url = {http://link.aip.org/link/doi/10.1137/1.9780898719734}
}

@INCOLLECTION{Laurent2009SOSMom,
  author = {Laurent, Monique},
  title = {Sums of squares, moment matrices and optimization over polynomials},
  booktitle = {Emerging Applications of Algebraic Geometry},
  publisher = {Springer New York},
  year = {2009},
  editor = {Putinar, Mihai and Sullivant, Seth},
  volume = {149},
  series = {The IMA Volumes in Mathematics and its Applications},
  pages = {1-114},
  affiliation = {CWI, Kruislaan 413, SJ, Amsterdam 1098, The Netherlands},
  isbn = {978-0-387-09686-5},
  keyword = {Mathematics}
}

@ARTICLE{Laurent04Revisiting,
  author = {Monique Laurent},
  title = {Revisiting two theorems of Curto and Fialkow on moment matrices},
  journal = {Proc. Amer. Math. Soc},
  year = {2004},
  volume = {133},
  pages = {2965--2976}
}

@TECHREPORT{Ljung:03b,
  author = {Lennart Ljung},
  title = {Initialisation Aspects for Subspace and Output-Error Identification
	Methods},
  institution = {Department of Electrical Engineering, Linköping University},
  year = {2003},
  number = {LiTH-ISY-R-2565},
  address = {SE-581 83 Linköping, Sweden},
  month = Dec
}

@INBOOK{ljung1999SysId,
  title = {System Identification - Theory for the User, 2nd edition},
  year = {1999},
  author = {Lennart Ljung},
  volume = {2},
  series = {PTR Prentice Hall Information and System Sciences Series}
}

@INPROCEEDINGS{Lofberg2004Yalmip,
  author = {J. L{\"o}fberg},
  title = {{YALMIP : A toolbox for modeling and optimization in MATLAB}},
  booktitle = {CCA/ISIC/CACSD},
  year = {2004},
  month = sep,
  url = {http://control.ee.ethz.ch/index.cgi?action=details;id=2088;page=publications}
}

@ARTICLE{Maciejowski95GuarantiedStab,
  author = {Maciejowski, J. M.},
  title = {Guaranteed stability with subspace methods},
  journal = {Systems \& Control Letters},
  year = {1995},
  volume = {26},
  pages = {153--156},
  month = {September},
  acmid = {220052},
  address = {Amsterdam, The Netherlands, The Netherlands},
  doi = {10.1016/0167-6911(95)00010-7},
  issn = {0167-6911},
  issue = {2},
  keywords = {discrete-time, identification, multivariable systems, stability, state-space
	models, subspace methods},
  numpages = {4},
  publisher = {Elsevier Science Publishers B. V.},
  url = {http://portal.acm.org/citation.cfm?id=220042.220052}
}

@ARTICLE{Mari00VectorARMAEstimation,
  author = {{Mari}, J. and {Stoica}, P. and {McKelvey}, T.},
  title = {{Vector ARMA estimation: a reliable subspace approach}},
  journal = {IEEE Transactions on Signal Processing},
  year = {2000},
  volume = {48},
  pages = {2092-2104},
  month = jul,
  adsnote = {Provided by the SAO/NASA Astrophysics Data System},
  adsurl = {http://adsabs.harvard.edu/abs/2000ITSP...48.2092M},
  doi = {10.1109/78.847793}
}

@ARTICLE{Matsuyama00sdpa-m,
  author = {Satoshi Matsuyama and Satoshi Nakamura and Katsuki Fujisawa and Kazuhide
	Nakata and Masakazu Kojima},
  title = {SDPA-M (SemiDefinite Programming Algorithm in MATLAB) User's Manual
	- Version 6.2.0},
  year = {2005}
}

@BOOK{Moore1966,
  title = {Interval Analysis},
  publisher = {Prentice-Hall},
  year = {1966},
  author = {R. E. Moore},
  owner = {kolixx},
  timestamp = {2012.03.04}
}

@INBOOK{nesnem1993InteriorPointMethods,
  title = {Interior-Point Polynomial Algorithms in Convex Programming},
  year = {1993},
  author = {Yurii Nesterov and Arkadii Nemirovskii},
  volume = {13},
  series = {SIAM Studies in Applied mathematics}
}

@BOOK{Overschee1996SubspaceIdent,
  title = {Subspace identification for linear systems},
  publisher = {Kluwer Academic Publishers},
  year = {1996},
  author = {Peter van Overschee and Bart L. R. de Moor},
  owner = {sandor.kolumban},
  timestamp = {2011.11.07}
}

@TECHREPORT{Polik2005addendumto,
  author = {Imre P\'olik},
  title = {Addendum to the SeDuMi User Guide},
  institution = {Lehigh University},
  year = {2005}
}

@ARTICLE{Polik2007SLemmaSurvay,
  author = {P\'{o}lik, Imre and Terlaky, Tam\'{a}s},
  title = {A Survey of the S-Lemma},
  journal = {SIAM Rev.},
  year = {2007},
  volume = {49},
  pages = {371--418},
  month = {July},
  acmid = {1655210},
  address = {Philadelphia, PA, USA},
  doi = {10.1137/S003614450444614X},
  issn = {0036-1445},
  issue = {3},
  keywords = {S-lemma, S-procedure, control theory, generalized convexities, nonconvex
	theorem of alternatives, numerical range, relaxation theory, semidefinite
	optimization},
  numpages = {48},
  publisher = {Society for Industrial and Applied Mathematics},
  url = {http://portal.acm.org/citation.cfm?id=1655208.1655210}
}

@BOOK{Rockafellar1997ConvexAnal,
  title = {Convex analysis},
  publisher = {Princeton University Press},
  year = {1997},
  author = {Rockafellar, Ralph Tyrell},
  address = {41 William Street, Princeton, New Jersey, USA},
  isbn = {0691015864}
}

@INCOLLECTION{Rump1999,
  author = {S.M. Rump},
  title = {INTLAB - INTerval LABoratory},
  booktitle = {Developments in Reliable Computing},
  publisher = {Kluwer Academic Publishers},
  year = {1999},
  editor = {Tibor Csendes},
  pages = {77-104},
  journal = {Developments in Reliable Computing},
  owner = {kolixx},
  timestamp = {2012.03.04}
}

@BOOK{Schmidt1980DiophantineApp,
  title = {Diophantine Approximation},
  publisher = {Springer-Verlag Berlin / Heidelberg},
  year = {1980},
  author = {Wolfgang M. Schmidt},
  owner = {kolixx},
  timestamp = {2013.04.25}
}

@ARTICLE{Schweppe1968UBE,
  author = {Schweppe, F.},
  title = {Recursive state estimation: Unknown but bounded errors and system
	inputs},
  journal = {Automatic Control, IEEE Transactions on},
  year = {1968},
  volume = {13},
  pages = { 22 - 28},
  number = {1},
  month = {feb},
  issn = {0018-9286},
  keywords = { Linear systems, time-invariant continuous-time; Recursive estimation;
	State estimation;}
}

@ARTICLE{Sj\"ovall2006ConstrainedSSIdent,
  author = {Per Sjövall and Tomas McKelvey and Thomas Abrahamsson},
  title = {Constrained state-space system identification with application to
	structural dynamics},
  journal = {Automatica},
  year = {2006},
  volume = {42},
  pages = {1539 - 1546},
  number = {9},
  doi = {DOI: 10.1016/j.automatica.2006.04.021},
  issn = {0005-1098},
  keywords = {System identification},
  url = {http://www.sciencedirect.com/science/article/B6V21-4K7F9XX-2/2/2d6f52db520ea1aa9f906a933bc3c896}
}

@ARTICLE{sturm1999UsingSeDuMi,
  author = {Jos F. Sturm},
  title = {Using SeDuMi 1.02, a MATLAB toolbox for optimization over symmetric
	cones},
  journal = {Optimization Methods and Software},
  year = {1999},
  pages = {625--653},
  number = {11--12}
}

@INPROCEEDINGS{Tohme2007,
  author = {Elie Tohme and R\'egis Ouvrard and Antoine Abche and Jean-Claude
	Trigeassou and Thierry Poinot and Guillaume Mercère},
  title = {A methodology to enhance the convergence of output error identification
	algorithms},
  booktitle = {European Control Conference},
  year = {2007},
  owner = {sandor.kolumban},
  timestamp = {2011.11.07}
}

@INPROCEEDINGS{Tohme2009,
  author = {Elie Tohme and R\'egis Ouvrard and Thierry Poinot and Jean-Claude
	Trigeassou and Antoine Abche},
  title = {Initialization of Output-Error Identification Methods -- Comparison
	between ARX and RPM Models},
  booktitle = {15th IFAC Symposium on System Identification},
  year = {2009},
  owner = {sandor.kolumban},
  timestamp = {2011.11.07}
}

@ARTICLE{VanGestel01StabIdentRegularization,
  author = {Van Gestel, T. and Suykens, J.A.K. and Van Dooren, P. and De Moor,
	B.},
  title = {Identification of stable models in subspace identification by using
	regularization},
  journal = {Automatic Control, IEEE Transactions on},
  year = {2001},
  volume = {46},
  pages = {1416 -1420},
  number = {9},
  month = sep,
  doi = {10.1109/9.948469},
  issn = {0018-9286},
  keywords = {dynamical systems;eigenvalues;least squares;linear systems;regularization;stability;subspace
	identification;system matrices;weighting matrix;eigenvalues and eigenfunctions;identification;linear
	systems;matrix algebra;stability;}
}

@ARTICLE{vanAntwerp2000Tutorial,
  author = {Jeremy G. VanAntwerp and Richard D. Braatz},
  title = {A tutorial on linear and bilinear matrix inequalities},
  journal = {Journal of Process Control},
  year = {2000},
  volume = {10},
  pages = {363--385},
  number = {4}
}

@ARTICLE{Vandenberghe1994semidefiniteprogramming,
  author = {Lieven Vandenberghe and Stephen Boyd},
  title = {Semidefinite Programming},
  journal = {SIAM Review},
  year = {1994},
  volume = {38},
  pages = {49--95}
}

@ARTICLE{Waki2006SaprsPOP,
  author = {Waki, Hayato and Kim, Sunyoung and Kojima, Masakazu and Muramatsu,
	Masakazu},
  title = {Sums of Squares and Semidefinite Program Relaxations for Polynomial
	Optimization Problems with Structured Sparsity},
  journal = {SIAM J. on Optimization},
  year = {2006},
  volume = {17},
  pages = {218--242},
  month = {January},
  acmid = {1132436},
  address = {Philadelphia, PA, USA},
  doi = {10.1137/050623802},
  issn = {1052-6234},
  issue = {1},
  keywords = {Lagrangian dual, Lagrangian relaxation, global optimization, polynomial
	optimization problem, semidefinite program relaxation, sparsity,
	sums of squares optimization},
  numpages = {25},
  publisher = {Society for Industrial and Applied Mathematics}
}

@ARTICLE{Waki2008SparsePOPImpl,
  author = {Waki, Hayato and Kim, Sunyoung and Kojima, Masakazu and Muramatsu,
	Masakazu and Sugimoto, Hiroshi},
  title = {Algorithm 883: SparsePOP---A Sparse Semidefinite Programming Relaxation
	of Polynomial Optimization Problems},
  journal = {ACM Trans. Math. Softw.},
  year = {2008},
  volume = {35},
  pages = {15:1--15:13},
  month = {July},
  acmid = {1377619},
  address = {New York, NY, USA},
  articleno = {15},
  doi = {http://doi.acm.org/10.1145/1377612.1377619},
  issn = {0098-3500},
  issue = {2},
  issue_date = {July 2008},
  keywords = {Global optimization, Matlab software package, polynomial optimization
	problem, semidefinite programming relaxation, sparsity, sums-of-squares
	optimization},
  numpages = {13},
  publisher = {ACM},
  url = {http://doi.acm.org/10.1145/1377612.1377619}
}

